@Book{darpa,
	author =       {David Gunning},
	title =        {Explainable {A}rtificial {I}ntelligence {X}{A}{I}},
	publisher =    {Defense Advanced Research Projects Agency (DARPA)},
	year =         {2017},
}

@Book{aleja,
	author =       {Alejandro Barredo Arrieta, Natalia Díaz-Rodríguez et al},
	title =        {Explainable artificial intelligence (xai): Concepts, taxonomies, opportunities and challenges toward responsible ai},
	year =         {2019},
}

@Book{joshua,
	author =       {Joshua B Tenenbaum, Tomer D Ullman, Samuel J Gershman et al},
	title =        {Building machines that learn and think like people. Behavioral and brain sciences},
	year =         {2017},
}

@Book{lipton,
	author =       {Z. C. Lipton},
	title =        {The mythos of model interpretability},
	year =         {2018},
}

@Book{rossi,
	author =       {F. Rossi},
	title =        {AI Ethics for Enterprise AI},
	year =         {2019},
}

@Book{guidotti,
	author =       {R. Guidotti, A. Monreale et al},
	title =        {A survey of methods
	for explaining black box models},
	publisher =    {ACM Computing Surveys 51},
	year =         {2018},
}

@Book{bennetot,
	author =       {A. Bennetot, J.-L. Laurent, R. Chatila et al},
	title =        {Towards explainable neural-symbolic
	visual reasoning},
	year =         {2019},
}

@Book{ribeiro,
	author =       {M. T. Ribeiro, S. Singh, C. Guestrin},
	title =        {Model-agnostic interpretability of machine learning},
	year =         {2016},
}

@Book{andreou,
	author =       {A. Andreou, G. Venkatadri, Goga et al},
	title =        { Investigating Ad Transparency Mechanisms in Social Media: A Case Study of Facebooks Explanations},
	publisher =    {Proceedings of the 24th Network and Distributed System Security Symposium (NDSS)},
	year =         {2018},
}

@Book{hosmer,
	author =       {W. Hosmer Jr, S. Lemeshow, R. X. Sturdivant},
	title =        {Applied logistic regression},
	publisher =    {John Wiley \& Sons},
	year =         {2013},
}

@Book{lli,
	author =       {L. Li, D. M. Umbach, P. Terry et al},
	title =        {Application of the GA/KNN method to SELDI proteomics data},
	publisher =    {Bioinformatics 20},
	year =         {2004},
}

@Book{langley,
	author =       {P. Langley, H. A. Simon},
	title =        {Applications of machine learning and rule induction},
	publisher =    {Communications of the ACM 38},
	year =         {1995},
}

@Book{caruana,
	author =       {R. Caruana, Y. Lou, J. Gehrke et al},
	title =        {Intelligible models for healthcare: Predicting pneumonia risk and hospital 30-day readmission},
	publisher =    {Proceedings of the 21th ACM
	SIGKDD International Conference on Knowledge Discovery and Data Mining},
	year =         {2015},
}

@Book{pierrot,
	author =       {A. Pierrot, Y. Goude},
	title =        {Short-term electricity load forecasting with generalized additive models},
	publisher =    {16th Intelligent System Applications to Power Systems Conference, ISAP 2011, IEEE},
	year =         {2011},
}

@Book{cassandra,
	author =       {A. R. Cassandra, L. P. Kaelbling, J. A. Kurien},
	title =        {Acting under uncertainty: Discrete bayesian models for mobile-robot navigation},
	publisher =    {Proceedings of IEEE/RSJ International Conference on Intelligent Robots and Systems},
	year =         {1996},
}

@Book{xu,
	author =       {K. Xu, J. Ba, R. Kiros et al},
	title =        {Show, attend and tell: Neural image caption generation with visual attention},
	publisher =    {International Conference on Machine Learning},
	year =         {2015},
}

@Book{cortez,
	author =       {P. Cortez, M. J. Embrechts},
	title =        {Opening black box data mining models using sensitivity analysis},
	publisher =    {IEEE Symposium on Computational Intelligence and Data Mining (CIDM)},
	year =         {2011},
}

@Book{lunberg,
	author =       {S. M. Lundberg, S.-I. Lee},
	title =        {A unified approach to interpreting model predictions},
	publisher =    {Advances in Neural Information Processing Systems},
	year =         {2017},
}

@Book{konig,
	author =       {R. Konig, U. Johansson, L. Niklasson},
	title =        {A versatile framework for evolutionary data mining},
	publisher =    {IEEE International Conference on Data Mining Workshops},
	year =         {2008},
}

@Book{ribeiros,
	author =       {M. T. Ribeiro, S. Singh, C. Guestrin},
	title =        {Why should I trust you?: Explaining the predictions of any classifier},
	publisher =    {ACM SIGKDD International Conference on Knowledge Discovery and Data Mining},
	year =         {2016},
}

@Book{ribeiromt,
	author =       {M. T. Ribeiro, S. Singh, C. Guestrin},
	title =        {Nothing else matters: Model-agnostic explanations by identifying prediction invariance},
	year =         {2016},
}

@Book{mishra,
	author =       {S. Mishra, B. L. Sturm, S. Dixon},
	title =        {Local interpretable model-agnostic explanations for music content analysis},
	year =         {2017},
}

@Book{johansson,
	author =       {U. Johansson, L. Niklasson, R. König},
	title =        {Accuracy vs. comprehensibility in data mining models},
	publisher =    {Proceedings of the seventh international conference on information fusion},
	year =         {2004},
}

@Book{johanssonu,
	author =       {U. Johansson, L. Niklasson, R. König},
	title =        {The truth is in there-rule extraction from opaque models using genetic programming},
	publisher =    {FLAIRS Conference},
	year =         {2004},
}

@Book{papernot,
	author =       {N. Papernot, P. McDaniel},
	title =        {Deep k-nearest neighbors: Towards confident, interpretable and robust deep learning},
	year =         {2018},
}

@Book{aamodt,
	author =       {A. Aamodt, E. Plaza},
	title =        {Case-based reasoning: Foundational issues, Methodological Variations, and System Approaches},
	year =         {1994},
}

@Book{caruanar,
	author =       {R. Caruana},
	title =        {Case-based explanation for artificial neural nets},
	publisher =    {Artificial Neural Networks in Medicine and Biology},
	year =         {2000},
}

@Book{hall,
	author =       {P. Hall},
	title =        {On the Art and Science of Machine Learning Explanations},
	year =         {2018},
}

@Book{google,
	author =       {Google},
	title =        {Google AI principles},
	publisher =    {https://www.blog.google/technology/ai/ai-principles/},
	year =         {2020},
}

@Book{microsoft,
	author =       {Microsoft},
	title =        {Microsoft AI principles},
	publisher =    {https://www.blog.google/technology/ai/ai-principles/
	Microsoft AI principles
	},
	year =         {2020},
}


@Book{eu,
	author =       {EU},
	title =        {EU high Level Group AI principles},
	publisher =    {https://ec.europa.eu/digital-single-market/en/news/ethics-guidelines-trustworthy-ai},
	year =         {2020},
}

@Book{leslie,
	author =       {D. Leslie},
	title =        {Understanding artificial intelligence ethics and safety},
	year =         {2019},
}


@Book{sangdeh,
	author =       {Poursabzi-Sangdeh et al},
	title =        {Manipulating and Measuring Model Interpretability},
	year =         {2019},
}

@Book{hoffmann,
	author =       {R. R. Hoffman, S. T. Mueller, G. Klein et al},
	title =        {Metrics for explainable ai: Challenges and prospects},
	year =         {2018},
}

@Book{mohseni,
	author =       {S. Mohseni, N. Zarei, E. D. Ragan},
	title =        {A multidisciplinary survey and framework for design and evaluation of explainable ai systems},
	year =         {2018},
}

@Book{byrne,
	author =       {R. M. J. Byrne},
	title =        {Counterfactuals in explainable artificial intelligence (XAI): Evidence from human reasoning},
	year =         {2019},
}

@Book{wachter,
	author =       {S. Wachter, B. Mittelstadt, L. Floridi},
	title =        {Why a right to explanation of automated decision-making does not exist in the general data protection regulation},
	publisher =    {International Data Privacy Law 7},
	year =         {2017},
}


@Book{zhang,
	author =       {Yu Zhang, Sarath Sreedharan, et al},
	title =        {Plan Explicability and Predictability for Robot Task Planning},
	year =         {2017},
}

@Book{lafferty,
	author =       {J.D. Lafferty, A. McCallum, and F.C.N. Pereira},
	title =        {Conditional random fields: Probabilistic models for segmenting and labeling sequence data},
	year =         {2001},
}


@Book{einhorn,
	author =       {Hillel J.Einhorn},
	title =        {Expert measurement and mechanical combination},
	year =         {1972},
}

@Book{arvind,
	author =       {Brian Christian},
	title =        {The Alignment Problem: How Can Machines Learn Human Values?},
	year =         {2020},
}
% OPT steht für optional, d.h. das muss nicht angegeben werden. Wenn verwendet
% OPT wegmachen
% ALT steht für alternativ. Nur eins von beiden behalten.



%Für Papers aus Zeitschriften
@Article{,
	author =       {},
	title =        {},
	journal =      {},
	year =         {},
	OPTkey =       {},
	OPTvolume =    {},
	OPTnumber =    {},
	OPTpages =     {},
	OPTmonth =     {},
	OPTnote =      {},
	OPTannote =    {}
}

%Für Papers von Konferenzen
@InProceedings{,
	author =       {},
	title =        {},
	booktitle =    {},
	OPTcrossref =  {},
	OPTkey =       {},
	OPTpages =     {},
	OPTyear =      {},
	OPTeditor =    {},
	OPTvolume =    {},
	OPTnumber =    {},
	OPTseries =    {},
	OPTaddress =   {},
	OPTmonth =     {},
	OPTorganization = {},
	OPTpublisher = {},
	OPTnote =      {},
	OPTannote =    {}
}

%Für ein Kapitel oder ein paar Seiten eines Buches
@InBook{,
	ALTauthor =    {},
	ALTeditor =    {},
	title =        {},
	chapter =      {},
	publisher =    {},
	year =         {},
	OPTkey =       {},
	OPTvolume =    {},
	OPTnumber =    {},
	OPTseries =    {},
	OPTtype =      {},
	OPTaddress =   {},
	OPTedition =   {},
	OPTmonth =     {},
	OPTpages =     {},
	OPTnote =      {},
	OPTannote =    {}
}

